% Use this file for citations not found in the ACL Anthology (contained in "anthology.bib").
@inproceedings{DBLP:conf/icml/DriessXSLCIWTVY23,
  author       = {Danny Driess and
                  Fei Xia and
                  Mehdi S. M. Sajjadi and
                  Corey Lynch and
                  Aakanksha Chowdhery and
                  Brian Ichter and
                  Ayzaan Wahid and
                  Jonathan Tompson and
                  Quan Vuong and
                  Tianhe Yu and
                  Wenlong Huang and
                  Yevgen Chebotar and
                  Pierre Sermanet and
                  Daniel Duckworth and
                  Sergey Levine and
                  Vincent Vanhoucke and
                  Karol Hausman and
                  Marc Toussaint and
                  Klaus Greff and
                  Andy Zeng and
                  Igor Mordatch and
                  Pete Florence},
  editor       = {Andreas Krause and
                  Emma Brunskill and
                  Kyunghyun Cho and
                  Barbara Engelhardt and
                  Sivan Sabato and
                  Jonathan Scarlett},
  title        = {PaLM-E: An Embodied Multimodal Language Model},
  booktitle    = {International Conference on Machine Learning, {ICML} 2023, 23-29 July
                  2023, Honolulu, Hawaii, {USA}},
  series       = {Proceedings of Machine Learning Research},
  volume       = {202},
  pages        = {8469--8488},
  publisher    = {{PMLR}},
  year         = {2023},
  url          = {https://proceedings.mlr.press/v202/driess23a.html},
  timestamp    = {Mon, 28 Aug 2023 17:23:08 +0200},
  biburl       = {https://dblp.org/rec/conf/icml/DriessXSLCIWTVY23.bib},
  bibsource    = {dblp computer science bibliography, https://dblp.org}
}

@inproceedings{DBLP:conf/iclr/DosovitskiyB0WZ21,
  author       = {Alexey Dosovitskiy and
                  Lucas Beyer and
                  Alexander Kolesnikov and
                  Dirk Weissenborn and
                  Xiaohua Zhai and
                  Thomas Unterthiner and
                  Mostafa Dehghani and
                  Matthias Minderer and
                  Georg Heigold and
                  Sylvain Gelly and
                  Jakob Uszkoreit and
                  Neil Houlsby},
  title        = {An Image is Worth 16x16 Words: Transformers for Image Recognition
                  at Scale},
  booktitle    = {9th International Conference on Learning Representations, {ICLR} 2021,
                  Virtual Event, Austria, May 3-7, 2021},
  publisher    = {OpenReview.net},
  year         = {2021},
  url          = {https://openreview.net/forum?id=YicbFdNTTy},
  timestamp    = {Wed, 23 Jun 2021 17:36:39 +0200},
  biburl       = {https://dblp.org/rec/conf/iclr/DosovitskiyB0WZ21.bib},
  bibsource    = {dblp computer science bibliography, https://dblp.org}
}

@article{DBLP:journals/corr/HeZRS15,
  author       = {Kaiming He and
                  Xiangyu Zhang and
                  Shaoqing Ren and
                  Jian Sun},
  title        = {Deep Residual Learning for Image Recognition},
  journal      = {CoRR},
  volume       = {abs/1512.03385},
  year         = {2015},
  url          = {http://arxiv.org/abs/1512.03385},
  eprinttype    = {arXiv},
  eprint       = {1512.03385},
  timestamp    = {Wed, 25 Jan 2023 11:01:16 +0100},
  biburl       = {https://dblp.org/rec/journals/corr/HeZRS15.bib},
  bibsource    = {dblp computer science bibliography, https://dblp.org}
}

@inproceedings{DBLP:conf/eccv/KolesnikovBZPYG20,
  author       = {Alexander Kolesnikov and
                  Lucas Beyer and
                  Xiaohua Zhai and
                  Joan Puigcerver and
                  Jessica Yung and
                  Sylvain Gelly and
                  Neil Houlsby},
  editor       = {Andrea Vedaldi and
                  Horst Bischof and
                  Thomas Brox and
                  Jan{-}Michael Frahm},
  title        = {Big Transfer (BiT): General Visual Representation Learning},
  booktitle    = {Computer Vision - {ECCV} 2020 - 16th European Conference, Glasgow,
                  UK, August 23-28, 2020, Proceedings, Part {V}},
  series       = {Lecture Notes in Computer Science},
  volume       = {12350},
  pages        = {491--507},
  publisher    = {Springer},
  year         = {2020},
  url          = {https://doi.org/10.1007/978-3-030-58558-7\_29},
  doi          = {10.1007/978-3-030-58558-7\_29},
  timestamp    = {Fri, 20 Nov 2020 14:04:06 +0100},
  biburl       = {https://dblp.org/rec/conf/eccv/KolesnikovBZPYG20.bib},
  bibsource    = {dblp computer science bibliography, https://dblp.org}
}

@article{DBLP:journals/corr/abs-2203-05796,
  author       = {Yufeng Cui and
                  Lichen Zhao and
                  Feng Liang and
                  Yangguang Li and
                  Jing Shao},
  title        = {Democratizing Contrastive Language-Image Pre-training: {A} {CLIP}
                  Benchmark of Data, Model, and Supervision},
  journal      = {CoRR},
  volume       = {abs/2203.05796},
  year         = {2022},
  url          = {https://doi.org/10.48550/arXiv.2203.05796},
  doi          = {10.48550/arXiv.2203.05796},
  eprinttype    = {arXiv},
  eprint       = {2203.05796},
  timestamp    = {Wed, 16 Mar 2022 16:41:29 +0100},
  biburl       = {https://dblp.org/rec/journals/corr/abs-2203-05796.bib},
  bibsource    = {dblp computer science bibliography, https://dblp.org}
}

@inproceedings{DBLP:conf/iccv/SunMV0S19,
  author       = {Chen Sun and
                  Austin Myers and
                  Carl Vondrick and
                  Kevin Murphy and
                  Cordelia Schmid},
  title        = {VideoBERT: {A} Joint Model for Video and Language Representation Learning},
  booktitle    = {2019 {IEEE/CVF} International Conference on Computer Vision, {ICCV}
                  2019, Seoul, Korea (South), October 27 - November 2, 2019},
  pages        = {7463--7472},
  publisher    = {{IEEE}},
  year         = {2019},
  url          = {https://doi.org/10.1109/ICCV.2019.00756},
  doi          = {10.1109/ICCV.2019.00756},
  timestamp    = {Wed, 21 Oct 2020 08:21:21 +0200},
  biburl       = {https://dblp.org/rec/conf/iccv/SunMV0S19.bib},
  bibsource    = {dblp computer science bibliography, https://dblp.org}
}

@inproceedings{DBLP:conf/iclr/Chen0CPPSGGMB0P23,
  author       = {Xi Chen and
                  Xiao Wang and
                  Soravit Changpinyo and
                  A. J. Piergiovanni and
                  Piotr Padlewski and
                  Daniel Salz and
                  Sebastian Goodman and
                  Adam Grycner and
                  Basil Mustafa and
                  Lucas Beyer and
                  Alexander Kolesnikov and
                  Joan Puigcerver and
                  Nan Ding and
                  Keran Rong and
                  Hassan Akbari and
                  Gaurav Mishra and
                  Linting Xue and
                  Ashish V. Thapliyal and
                  James Bradbury and
                  Weicheng Kuo},
  title        = {PaLI: {A} Jointly-Scaled Multilingual Language-Image Model},
  booktitle    = {The Eleventh International Conference on Learning Representations,
                  {ICLR} 2023, Kigali, Rwanda, May 1-5, 2023},
  publisher    = {OpenReview.net},
  year         = {2023},
  url          = {https://openreview.net/pdf?id=mWVoBz4W0u},
  timestamp    = {Fri, 30 Jun 2023 14:55:52 +0200},
  biburl       = {https://dblp.org/rec/conf/iclr/Chen0CPPSGGMB0P23.bib},
  bibsource    = {dblp computer science bibliography, https://dblp.org}
}

@article{DBLP:journals/corr/abs-2112-11446,
  author       = {Jack W. Rae and
                  Sebastian Borgeaud and
                  Trevor Cai and
                  Katie Millican and
                  Jordan Hoffmann and
                  H. Francis Song and
                  John Aslanides and
                  Sarah Henderson and
                  Roman Ring and
                  Susannah Young and
                  Eliza Rutherford and
                  Tom Hennigan and
                  Jacob Menick and
                  Albin Cassirer and
                  Richard Powell and
                  George van den Driessche and
                  Lisa Anne Hendricks and
                  Maribeth Rauh and
                  Po{-}Sen Huang and
                  Amelia Glaese and
                  Johannes Welbl and
                  Sumanth Dathathri and
                  Saffron Huang and
                  Jonathan Uesato and
                  John Mellor and
                  Irina Higgins and
                  Antonia Creswell and
                  Nat McAleese and
                  Amy Wu and
                  Erich Elsen and
                  Siddhant M. Jayakumar and
                  Elena Buchatskaya and
                  David Budden and
                  Esme Sutherland and
                  Karen Simonyan and
                  Michela Paganini and
                  Laurent Sifre and
                  Lena Martens and
                  Xiang Lorraine Li and
                  Adhiguna Kuncoro and
                  Aida Nematzadeh and
                  Elena Gribovskaya and
                  Domenic Donato and
                  Angeliki Lazaridou and
                  Arthur Mensch and
                  Jean{-}Baptiste Lespiau and
                  Maria Tsimpoukelli and
                  Nikolai Grigorev and
                  Doug Fritz and
                  Thibault Sottiaux and
                  Mantas Pajarskas and
                  Toby Pohlen and
                  Zhitao Gong and
                  Daniel Toyama and
                  Cyprien de Masson d'Autume and
                  Yujia Li and
                  Tayfun Terzi and
                  Vladimir Mikulik and
                  Igor Babuschkin and
                  Aidan Clark and
                  Diego de Las Casas and
                  Aurelia Guy and
                  Chris Jones and
                  James Bradbury and
                  Matthew J. Johnson and
                  Blake A. Hechtman and
                  Laura Weidinger and
                  Iason Gabriel and
                  William Isaac and
                  Edward Lockhart and
                  Simon Osindero and
                  Laura Rimell and
                  Chris Dyer and
                  Oriol Vinyals and
                  Kareem Ayoub and
                  Jeff Stanway and
                  Lorrayne Bennett and
                  Demis Hassabis and
                  Koray Kavukcuoglu and
                  Geoffrey Irving},
  title        = {Scaling Language Models: Methods, Analysis {\&} Insights from
                  Training Gopher},
  journal      = {CoRR},
  volume       = {abs/2112.11446},
  year         = {2021},
  url          = {https://arxiv.org/abs/2112.11446},
  eprinttype    = {arXiv},
  eprint       = {2112.11446},
  timestamp    = {Fri, 05 May 2023 15:54:56 +0200},
  biburl       = {https://dblp.org/rec/journals/corr/abs-2112-11446.bib},
  bibsource    = {dblp computer science bibliography, https://dblp.org}
}

@inproceedings{DBLP:conf/nips/Ouyang0JAWMZASR22,
  author       = {Long Ouyang and
                  Jeffrey Wu and
                  Xu Jiang and
                  Diogo Almeida and
                  Carroll L. Wainwright and
                  Pamela Mishkin and
                  Chong Zhang and
                  Sandhini Agarwal and
                  Katarina Slama and
                  Alex Ray and
                  John Schulman and
                  Jacob Hilton and
                  Fraser Kelton and
                  Luke Miller and
                  Maddie Simens and
                  Amanda Askell and
                  Peter Welinder and
                  Paul F. Christiano and
                  Jan Leike and
                  Ryan Lowe},
  title        = {Training language models to follow instructions with human feedback},
  booktitle    = {NeurIPS},
  year         = {2022},
  url          = {http://papers.nips.cc/paper\_files/paper/2022/hash/b1efde53be364a73914f58805a001731-Abstract-Conference.html},
  timestamp    = {Thu, 11 May 2023 17:08:21 +0200},
  biburl       = {https://dblp.org/rec/conf/nips/Ouyang0JAWMZASR22.bib},
  bibsource    = {dblp computer science bibliography, https://dblp.org}
}

@article{DBLP:journals/tmlr/WeiTBRZBYBZMCHVLDF22,
  author       = {Jason Wei and
                  Yi Tay and
                  Rishi Bommasani and
                  Colin Raffel and
                  Barret Zoph and
                  Sebastian Borgeaud and
                  Dani Yogatama and
                  Maarten Bosma and
                  Denny Zhou and
                  Donald Metzler and
                  Ed H. Chi and
                  Tatsunori Hashimoto and
                  Oriol Vinyals and
                  Percy Liang and
                  Jeff Dean and
                  William Fedus},
  title        = {Emergent Abilities of Large Language Models},
  journal      = {Trans. Mach. Learn. Res.},
  volume       = {2022},
  year         = {2022},
  url          = {https://openreview.net/forum?id=yzkSU5zdwD},
  timestamp    = {Fri, 19 May 2023 11:20:41 +0200},
  biburl       = {https://dblp.org/rec/journals/tmlr/WeiTBRZBYBZMCHVLDF22.bib},
  bibsource    = {dblp computer science bibliography, https://dblp.org}
}

@inproceedings{DBLP:conf/icml/RadfordKHRGASAM21,
  author       = {Alec Radford and
                  Jong Wook Kim and
                  Chris Hallacy and
                  Aditya Ramesh and
                  Gabriel Goh and
                  Sandhini Agarwal and
                  Girish Sastry and
                  Amanda Askell and
                  Pamela Mishkin and
                  Jack Clark and
                  Gretchen Krueger and
                  Ilya Sutskever},
  editor       = {Marina Meila and
                  Tong Zhang},
  title        = {Learning Transferable Visual Models From Natural Language Supervision},
  booktitle    = {Proceedings of the 38th International Conference on Machine Learning,
                  {ICML} 2021, 18-24 July 2021, Virtual Event},
  series       = {Proceedings of Machine Learning Research},
  volume       = {139},
  pages        = {8748--8763},
  publisher    = {{PMLR}},
  year         = {2021},
  url          = {http://proceedings.mlr.press/v139/radford21a.html},
  timestamp    = {Wed, 25 Aug 2021 17:11:17 +0200},
  biburl       = {https://dblp.org/rec/conf/icml/RadfordKHRGASAM21.bib},
  bibsource    = {dblp computer science bibliography, https://dblp.org}
}

@inproceedings{DBLP:conf/cvpr/MarinoRFM19,
  author       = {Kenneth Marino and
                  Mohammad Rastegari and
                  Ali Farhadi and
                  Roozbeh Mottaghi},
  title        = {{OK-VQA:} {A} Visual Question Answering Benchmark Requiring External
                  Knowledge},
  booktitle    = {{IEEE} Conference on Computer Vision and Pattern Recognition, {CVPR}
                  2019, Long Beach, CA, USA, June 16-20, 2019},
  pages        = {3195--3204},
  publisher    = {Computer Vision Foundation / {IEEE}},
  year         = {2019},
  url          = {http://openaccess.thecvf.com/content\_CVPR\_2019/html/Marino\_OK-VQA\_A\_Visual\_Question\_Answering\_Benchmark\_Requiring\_External\_Knowledge\_CVPR\_2019\_paper.html},
  doi          = {10.1109/CVPR.2019.00331},
  timestamp    = {Mon, 30 Aug 2021 17:01:14 +0200},
  biburl       = {https://dblp.org/rec/conf/cvpr/MarinoRFM19.bib},
  bibsource    = {dblp computer science bibliography, https://dblp.org}
}

@article{DBLP:journals/corr/ChenFLVGDZ15,
  author       = {Xinlei Chen and
                  Hao Fang and
                  Tsung{-}Yi Lin and
                  Ramakrishna Vedantam and
                  Saurabh Gupta and
                  Piotr Doll{\'{a}}r and
                  C. Lawrence Zitnick},
  title        = {Microsoft {COCO} Captions: Data Collection and Evaluation Server},
  journal      = {CoRR},
  volume       = {abs/1504.00325},
  year         = {2015},
  url          = {http://arxiv.org/abs/1504.00325},
  eprinttype    = {arXiv},
  eprint       = {1504.00325},
  timestamp    = {Wed, 16 Oct 2019 16:31:45 +0200},
  biburl       = {https://dblp.org/rec/journals/corr/ChenFLVGDZ15.bib},
  bibsource    = {dblp computer science bibliography, https://dblp.org}
}

@book{kress2009multimodality,
  title={Multimodality: A Social Semiotic Approach to Contemporary Communication},
  author={Kress, G.},
  year={2009},
  edition={1},
  publisher={Routledge},
  doi={10.4324/9780203970034}
}

@article{DBLP:journals/ijcv/GoyalKASBP19,
  author       = {Yash Goyal and
                  Tejas Khot and
                  Aishwarya Agrawal and
                  Douglas Summers{-}Stay and
                  Dhruv Batra and
                  Devi Parikh},
  title        = {Making the {V} in {VQA} Matter: Elevating the Role of Image Understanding
                  in Visual Question Answering},
  journal      = {Int. J. Comput. Vis.},
  volume       = {127},
  number       = {4},
  pages        = {398--414},
  year         = {2019},
  url          = {https://doi.org/10.1007/s11263-018-1116-0},
  doi          = {10.1007/s11263-018-1116-0},
  timestamp    = {Fri, 13 Mar 2020 10:59:04 +0100},
  biburl       = {https://dblp.org/rec/journals/ijcv/GoyalKASBP19.bib},
  bibsource    = {dblp computer science bibliography, https://dblp.org}
}

@article{DBLP:journals/corr/abs-2306-13549,
  author       = {Shukang Yin and
                  Chaoyou Fu and
                  Sirui Zhao and
                  Ke Li and
                  Xing Sun and
                  Tong Xu and
                  Enhong Chen},
  title        = {A Survey on Multimodal Large Language Models},
  journal      = {CoRR},
  volume       = {abs/2306.13549},
  year         = {2023},
  url          = {https://doi.org/10.48550/arXiv.2306.13549},
  doi          = {10.48550/arXiv.2306.13549},
  eprinttype    = {arXiv},
  eprint       = {2306.13549},
  timestamp    = {Tue, 27 Jun 2023 17:45:46 +0200},
  biburl       = {https://dblp.org/rec/journals/corr/abs-2306-13549.bib},
  bibsource    = {dblp computer science bibliography, https://dblp.org}
}

@article{DBLP:journals/csur/LiuYFJHN23,
  author       = {Pengfei Liu and
                  Weizhe Yuan and
                  Jinlan Fu and
                  Zhengbao Jiang and
                  Hiroaki Hayashi and
                  Graham Neubig},
  title        = {Pre-train, Prompt, and Predict: {A} Systematic Survey of Prompting
                  Methods in Natural Language Processing},
  journal      = {{ACM} Comput. Surv.},
  volume       = {55},
  number       = {9},
  pages        = {195:1--195:35},
  year         = {2023},
  url          = {https://doi.org/10.1145/3560815},
  doi          = {10.1145/3560815},
  timestamp    = {Mon, 28 Aug 2023 21:19:32 +0200},
  biburl       = {https://dblp.org/rec/journals/csur/LiuYFJHN23.bib},
  bibsource    = {dblp computer science bibliography, https://dblp.org}
}

@article{gpt4,
  author       = {OpenAI},
  title        = {{GPT-4} Technical Report},
  journal      = {CoRR},
  volume       = {abs/2303.08774},
  year         = {2023},
  url          = {https://doi.org/10.48550/arXiv.2303.08774},
  doi          = {10.48550/arXiv.2303.08774},
  eprinttype    = {arXiv},
  eprint       = {2303.08774},
  timestamp    = {Mon, 28 Aug 2023 21:26:19 +0200},
  biburl       = {https://dblp.org/rec/journals/corr/abs-2303-08774.bib},
  bibsource    = {dblp computer science bibliography, https://dblp.org}
}
s
@article{dalle3,
    author = {James Betker and Gabriel Goh and Li Jing and Tim Brooks and Jianfeng Wang and
             Linjie Li and Long Ouyang and Juntang Zhuang and Joyce Lee and Yufei Guo and Wesam Manassra
             and Praffulla Dhariwal and Casey Chu and Yunxin Jiao},
    title = {Improving Image Generation with Better Captions},
    year = 2023
}

@article{DBLP:journals/corr/abs-2302-09419,
  author       = {Ce Zhou and
                  Qian Li and
                  Chen Li and
                  Jun Yu and
                  Yixin Liu and
                  Guangjing Wang and
                  Kai Zhang and
                  Cheng Ji and
                  Qiben Yan and
                  Lifang He and
                  Hao Peng and
                  Jianxin Li and
                  Jia Wu and
                  Ziwei Liu and
                  Pengtao Xie and
                  Caiming Xiong and
                  Jian Pei and
                  Philip S. Yu and
                  Lichao Sun},
  title        = {A Comprehensive Survey on Pretrained Foundation Models: {A} History
                  from {BERT} to ChatGPT},
  journal      = {CoRR},
  volume       = {abs/2302.09419},
  year         = {2023},
  url          = {https://doi.org/10.48550/arXiv.2302.09419},
  doi          = {10.48550/arXiv.2302.09419},
  eprinttype    = {arXiv},
  eprint       = {2302.09419},
  timestamp    = {Tue, 12 Sep 2023 21:40:03 +0200},
  biburl       = {https://dblp.org/rec/journals/corr/abs-2302-09419.bib},
  bibsource    = {dblp computer science bibliography, https://dblp.org}
}

@book{bateman2008multimodality,
  title={Multimodality and Genre: A Foundation for the Systematic Analysis of Multimodal Documents},
  author={Bateman, John A.},
  year={2008},
  publisher={Palgrave Macmillan},
  address={New York},
  isbn={978-0230302341}
}

@inproceedings{DBLP:conf/cvpr/ZhaoJK20,
  author       = {Hengshuang Zhao and
                  Jiaya Jia and
                  Vladlen Koltun},
  title        = {Exploring Self-Attention for Image Recognition},
  booktitle    = {2020 {IEEE/CVF} Conference on Computer Vision and Pattern Recognition,
                  {CVPR} 2020, Seattle, WA, USA, June 13-19, 2020},
  pages        = {10073--10082},
  publisher    = {Computer Vision Foundation / {IEEE}},
  year         = {2020},
  url          = {https://openaccess.thecvf.com/content\_CVPR\_2020/html/Zhao\_Exploring\_Self-Attention\_for\_Image\_Recognition\_CVPR\_2020\_paper.html},
  doi          = {10.1109/CVPR42600.2020.01009},
  timestamp    = {Tue, 31 Aug 2021 14:00:04 +0200},
  biburl       = {https://dblp.org/rec/conf/cvpr/ZhaoJK20.bib},
  bibsource    = {dblp computer science bibliography, https://dblp.org}
}

@article{DBLP:journals/corr/abs-2303-18223,
  author       = {Wayne Xin Zhao and
                  Kun Zhou and
                  Junyi Li and
                  Tianyi Tang and
                  Xiaolei Wang and
                  Yupeng Hou and
                  Yingqian Min and
                  Beichen Zhang and
                  Junjie Zhang and
                  Zican Dong and
                  Yifan Du and
                  Chen Yang and
                  Yushuo Chen and
                  Zhipeng Chen and
                  Jinhao Jiang and
                  Ruiyang Ren and
                  Yifan Li and
                  Xinyu Tang and
                  Zikang Liu and
                  Peiyu Liu and
                  Jian{-}Yun Nie and
                  Ji{-}Rong Wen},
  title        = {A Survey of Large Language Models},
  journal      = {CoRR},
  volume       = {abs/2303.18223},
  year         = {2023},
  url          = {https://doi.org/10.48550/arXiv.2303.18223},
  doi          = {10.48550/arXiv.2303.18223},
  eprinttype    = {arXiv},
  eprint       = {2303.18223},
  timestamp    = {Fri, 04 Aug 2023 23:07:43 +0200},
  biburl       = {https://dblp.org/rec/journals/corr/abs-2303-18223.bib},
  bibsource    = {dblp computer science bibliography, https://dblp.org}
}


@book{Aho:72,
    author  = {Alfred V. Aho and Jeffrey D. Ullman},
    title   = {The Theory of Parsing, Translation and Compiling},
    year    = "1972",
    volume  = "a",
    publisher = {Prentice-Hall},
    address = {Englewood Cliffs, NJ}
}

@book{APA:83,
    author  = {{American Psychological Association}},
    title   = {Publications Manual},
    year    = "1983",
    publisher = {American Psychological Association},
    address = {Washington, DC}
}

@article{Chandra:81,
	author = {Ashok K. Chandra and Dexter C. Kozen and Larry J. Stockmeyer},
	year = "1981",
	title = {Alternation},
	journal = {Journal of the Association for Computing Machinery},
	volume = "28",
	number = "1",
	pages = "114--133",
	doi = "10.1145/322234.322243",
}

@inproceedings{andrew2007scalable,
  title={Scalable training of {L1}-regularized log-linear models},
  author={Andrew, Galen and Gao, Jianfeng},
  booktitle={Proceedings of the 24th International Conference on Machine Learning},
  pages={33--40},
  year={2007},
}

@book{Gusfield:97,
    author  = {Dan Gusfield},
    title   = {Algorithms on Strings, Trees and Sequences},
    year    = "1997",
    publisher = {Cambridge University Press},
    address = {Cambridge, UK}
}

@article{rasooli-tetrault-2015,
    author    = {Mohammad Sadegh Rasooli and Joel R. Tetreault},
    title     = {Yara Parser: {A} Fast and Accurate Dependency Parser},
    journal   = {Computing Research Repository},
    volume    = {arXiv:1503.06733},
    year      = {2015},
    url       = {http://arxiv.org/abs/1503.06733},
    note    = {version 2}
}

@article{Ando2005,
	Acmid = {1194905},
	Author = {Ando, Rie Kubota and Zhang, Tong},
	Issn = {1532-4435},
	Issue_Date = {12/1/2005},
	Journal = {Journal of Machine Learning Research},
	Month = dec,
	Numpages = {37},
	Pages = {1817--1853},
	Publisher = {JMLR.org},
	Title = {A Framework for Learning Predictive Structures from Multiple Tasks and Unlabeled Data},
	Volume = {6},
	Year = {2005}
}

@online{zhihu2023,
    author    = {Yuzijiang},
    title     = {What is multimodality?},
    year      = {2023},
    url       = {https://zhuanlan.zhihu.com/p/473760099},
    note      = {Accessed: 2023-10-23},
    publisher = {Zhihu}
}

@ARTICLE{9361559,
  author={Grifoni, Patrizia and D’ulizia, Arianna and Ferri, Fernando},
  journal={IEEE Access}, 
  title={When Language Evolution Meets Multimodality: Current Status and Challenges Toward Multimodal Computational Models}, 
  year={2021},
  volume={9},
  number={},
  pages={35196-35206},
  doi={10.1109/ACCESS.2021.3061756}}

@online{csdn2023,
    author    = {Mingqian Chu},
    title     = {Introduction to Multimodality},
    year      = {2023},
    url       = {https://blog.csdn.net/chumingqian/article/details/131293445},
    note      = {Accessed: 2023-10-23},
    publisher = {CSDN}
}

@misc{ enwiki:1181088602,
    author = "{Wikipedia contributors}",
    title = "Large language model --- {Wikipedia}{,} The Free Encyclopedia",
    year = "2023",
    howpublished = "\url{https://en.wikipedia.org/w/index.php?title=Large_language_model&oldid=1181088602}",
    note = "[Online; accessed 22-October-2023]"
}

@misc{ enwiki:1181348634,
    author = "{Wikipedia contributors}",
    title = "Multimodality --- {Wikipedia}{,} The Free Encyclopedia",
    year = "2023",
    howpublished = "\url{https://en.wikipedia.org/w/index.php?title=Multimodality&oldid=1181348634}",
    note = "[Online; accessed 22-October-2023]"
}

@article{fu2023mme,
  title={MME: A Comprehensive Evaluation Benchmark for Multimodal Large Language Models},
  author={Fu, Chaoyou and Chen, Peixian and Shen, Yunhang and Qin, Yulei and Zhang, Mengdan and Lin, Xu and Qiu, Zhenyu and Lin, Wei and Yang, Jinrui and Zheng, Xiawu and others},
  journal={arXiv preprint arXiv:2306.13394},
  year={2023}
}

@article{DBLP:journals/csur/JiLFYSXIBMF23,
  author       = {Ziwei Ji and
                  Nayeon Lee and
                  Rita Frieske and
                  Tiezheng Yu and
                  Dan Su and
                  Yan Xu and
                  Etsuko Ishii and
                  Yejin Bang and
                  Andrea Madotto and
                  Pascale Fung},
  title        = {Survey of Hallucination in Natural Language Generation},
  journal      = {{ACM} Comput. Surv.},
  volume       = {55},
  number       = {12},
  pages        = {248:1--248:38},
  year         = {2023},
  url          = {https://doi.org/10.1145/3571730},
  doi          = {10.1145/3571730},
  timestamp    = {Mon, 28 Aug 2023 21:19:33 +0200},
  biburl       = {https://dblp.org/rec/journals/csur/JiLFYSXIBMF23.bib},
  bibsource    = {dblp computer science bibliography, https://dblp.org}
}
